% Encoding: UTF-8

@Book{Aronoff1994,
  title     = {Morphology by itself: Stems and inflectional classes},
  publisher = {MIT press},
  year      = {1994},
  author    = {Mark Aronoff},
}

@Book{Aronoff2005,
  title     = {What is morphology?},
  publisher = {Oxford: Blackwell Publishing},
  year      = {2005},
  author    = {Mark Aronoff and Kirsten Fudeman},
}

@Book{Carstairs-McCarthy2010,
  title     = {The evolution of morphology},
  publisher = {Oxford University Press},
  year      = {2010},
  author    = {Andrew Carstairs-McCarthy},
}

@Book{Cowper1992,
  title     = {A concise introduction to syntactic theory : the government-binding approach},
  publisher = {University of Chicago Press},
  year      = {1992},
  author    = {Elizabeth A. Cowper},
}

@Book{Lieber1992,
  title     = {Deconstructing morphology: word formation in syntactic theory},
  publisher = {University of Chicago Press},
  year      = {1992},
  author    = {Rochelle Lieber},
}

@Book{RoarkSproat2007,
  title     = {Computational Approaches to Morphology and Syntax},
  publisher = {Oxford University Press},
  year      = {2007},
  author    = {Brian Roark and Richard Sproat},
}

@Unpublished{PFTL,
  author    = {Mark Steedman and Cem Bozşahin},
  title     = {Projecting from the Lexicon},
  note      = {Mark Steedman and Cem Bozşahin},
  year      = {n.d.},
  publisher = {Unpublished},
}

@Book{Taylan2001,
  title     = {The Verb in Turkish},
  publisher = {Amsterdam: John Benjamins},
  year      = {2001},
  editor    = {Eser Erguvanlı-Taylan},
}

@Book{GokselKerslake2005,
  title     = {Turkish : a comprehensive grammar},
  publisher = {London: Routledge},
  year      = {2005},
  author    = {Aslı Göksel and Celia Kerslake},
}

@PhdThesis{Sezer1991,
  author = {Fehmi Engin Sezer},
  title  = {Issues in Turkish Syntax},
  school = {Harvard University},
  year   = {1991},
}

@InProceedings{Cakici2005,
  author    = {Ruken Cakıcı},
  title     = {Automatic Induction of a CCG Grammar for Turkish},
  booktitle = {ACLstudent '05 Proceedings of the ACL Student Research Workshop},
  year      = {2005},
  pages     = {73-78},
}

@PhdThesis{Cakici2009,
  author = {Ruken Cakıcı},
  title  = {Wide-Coverage Parsing for Turkish},
  school = {Middle East Technical University},
  year   = {2009},
}

@Article{Bozsahin2002,
  author  = {Cem Bozşahin},
  title   = {The Combinatory Morphemic Lexicon},
  journal = {Computational Linguistics},
  year    = {2002},
  volume  = {28},
  number  = {2},
  pages   = {145-186},
}

@Manual{Bozsahin2017,
  title  = {CCGlab Manual},
  author = {Cem Bozşahin},
  year   = {2017},
  url    = {http://bozsahin.github.io/ccglab},
}

@Article{MoensSteedman1988,
  author  = {Marc Moens and Mark Steedman},
  title   = {Temporal Ontology and Temporal Reference},
  journal = {Computational Linguistics},
  year    = {1988},
  volume  = {14},
  pages   = {15-28},
}

@InBook{SteedmanBaldridge2011,
  chapter   = {Combinatory Categorial Grammar},
  pages     = {181-224},
  title     = {Non-Transformational Syntax},
  publisher = {Blackwell},
  year      = {2011},
  author    = {Mark Steedman and Jason Baldridge},
  editor    = {R. Borsley, K. Borjars},
}

@InProceedings{KilicBozsahin2013,
  author    = {Ozkan Kılıç and Cem Bozşahin},
  title     = {Selection of Linker Type in Emphatic Reduplication: Speaker's Intuition meets Corpus Statistics},
  booktitle = {35th Annual Meeting of Cognitive Science Society},
  year      = {2013},
  volume    = {35},
}

@TechReport{Wedel1999,
  author      = {Andrew Wedel},
  title       = {Turkish Emphatic Reduplication},
  institution = {UC Santa Cruz: Working Papers},
  year        = {1999},
}

@TechReport{OflazerGocmenBozsahin1995,
  author      = {Kemal Oflazer and Elvan Göçmen and Cem Bozşahin},
  title       = {An Outline of Turkish Morphology},
  institution = {Middle East Technical University and Bilkent University},
  year        = {1995},
  note        = {Re-issued in 2014},
}

@Unpublished{Bozsahin2018,
  author = {Cem Bozşahin},
  title  = {Some binary concepts in Turkish morphology},
  note   = {Cem Bozşahin},
  year   = {2018},
}

@InBook{CetinogluOflazer2009,
  chapter   = {Integrating derivational morphology into syntax},
  title     = {Recent Advances in Natural Language Processing},
  publisher = {Amsterdam: John Benjamins},
  year      = {2009},
  author    = {Özlem Çetinoğlu and Kemal Oflazer},
  editor    = {N. Nicolov and G. Angelova and R. Mitkov},
}

@InBook{GeorgeKornfilt1981,
  chapter   = {Finiteness and Boundedness in Turkish},
  pages     = {104-127},
  title     = {Binding and Filtering},
  publisher = {London: Croom Helm; Cambridge, Mass: MIT},
  year      = {1981},
  author    = {Leland George and Jaklin Kornfilt},
  editor    = {F. Heny},
}

@Article{Talmy1988,
  author  = {Leonard Talmy},
  title   = {Force Dynamics in Language and Cognition},
  journal = {Cognitive Science},
  year    = {1988},
  volume  = {12},
  number  = {1},
  pages   = {49-100},
}

@InBook{Talmy1985,
  chapter   = {Lexicalization patterns: Semantic structure in lexical forms},
  pages     = {36-149},
  title     = {Language typology and syntactic description},
  publisher = {Cambridge University Press},
  year      = {1985},
  author    = {Leonard Talmy},
  editor    = {T. Shopen},
}

@Book{Grimshaw1990,
  title     = {Argument Structure},
  publisher = {MIT Press},
  year      = {1990},
  author    = {Jane Grimshaw},
}

@Book{HaleKeyser2002,
  title     = {Prolegomenon to a Theory of Argument Structure},
  publisher = {MIT Press},
  year      = {2002},
  author    = {Ken Hale and Samuel Jay Keyser},
}

@Book{Bozsahin2012,
  title     = {Combinatory Linguistics},
  publisher = {de Gruyter Mouton},
  year      = {2012},
  author    = {Cem Bozşahin},
}

@Article{Paoli1999,
  author  = {Francesco Paoli},
  title   = {Comparative Logic as an Approach to Comparison in Natural Language},
  journal = {Journal of Semantics},
  year    = {1999},
  volume  = {16},
  pages   = {67-96},
}

@Article{Paradis2001,
  author  = {Carita Paradis},
  title   = {Adjectives and Boundedness},
  journal = {Cognitive Linguistics},
  year    = {2001},
  volume  = {12},
  number  = {1},
  pages   = {47-65},
}

@Article{KennedyMcNally2005,
  author  = {Christopher Kennedy and Louise McNally},
  title   = {Scale Structure, Degree Modification, and the Semantics of Gradable Predicates},
  journal = {Linguistic Society of America},
  year    = {2005},
  volume  = {81},
  number  = {2},
  pages   = {345-381},
}

@Article{Kennedy2007,
  author  = {Christopher Kennedy},
  title   = {Vagueness and grammar: the semantics of relative and absolute gradable adjectives},
  journal = {Linguistics and Philosophy},
  year    = {2007},
  volume  = {30},
  pages   = {1-45},
}

@Article{Ernst2007,
  author  = {Thomas Ernst},
  title   = {On the role of semantics in a theory of adverb syntax�},
  journal = {Lingua},
  year    = {2007},
  volume  = {117},
  pages   = {1008-1033},
}

@InBook{VanValin2006,
  chapter   = {Some Universals of Verb Semantics},
  pages     = {155-178},
  title     = {Linguistic Universals},
  publisher = {Cambridge University Press},
  year      = {2006},
  author    = {Robert D. Van-Valin-Jr.},
  editor    = {Ricardo Mairal and Juana Gil},
}

@Unpublished{KunterBozsahin2018,
  author = {Utku Can Kunter and Cem Bozşahin},
  title  = {CCG for Turkish Finite Verb Inflection},
  note   = {ISBCS18 Presentation},
  year   = {2018},
}

@Book{Baker1988,
  title     = {Incorporation: A Theory of Grammatical Function Changing},
  publisher = {Chicago University Press},
  year      = {1988},
  author    = {Mark Baker},
}

@InBook{Dowty1981,
  chapter   = {Quantification and the Lexicon},
  pages     = {79-106},
  title     = {The Scope of Lexical Rules},
  publisher = {Foris, Dordrecht},
  year      = {1981},
  author    = {David Dowty},
  editor    = {Michael Moortgat and Harry van de Hulst and Teun Hoekstra},
}

@InProceedings{Bach1976,
  author    = {Emmon Bach},
  title     = {An Extension of Classical Transformational Grammar},
  booktitle = {Problems of Linguistic Metatheory (Proceedings of the l976 Conference)},
  year      = {1976},
  pages     = {183-224},
  publisher = {Michigan State University},
}

@Misc{Ozge2019pc,
  author = {Umut Ozge},
  title  = {Personal communication},
  year   = {2019},
}

@InCollection{Bliss2004,
  author    = {Heather Bliss},
  title     = {The Semantics of the Bare Noun in Turkish},
  booktitle = {Calgary Papers in Linguistics},
  publisher = {University of Calgary},
  year      = {2004},
  editor    = {Ilana Mezhevich and Michael B. Dobrovolsky},
  volume    = {25},
  pages     = {1-65},
}

@InCollection{Dede1986,
  author    = {Müşerref Dede},
  title     = {Definiteness and Referentiality in Turkish Verbal Sentences},
  booktitle = {Studies in Turkish Linguistics},
  publisher = {John Benjamins},
  year      = {1986},
  editor    = {Dan Isaac Slobin and Karl Zimmer},
  pages     = {147-164},
  url       = {https://www.jbe-platform.com/content/books/9789027279163-09ded},
}

@InCollection{Tura1986,
  author    = {Sabahat Sansa Tura},
  title     = {Definiteness and Referentiality in Turkish NonVerbal Sentences},
  booktitle = {Studies in Turkish Linguistics},
  publisher = {John Benjamins},
  year      = {1986},
  editor    = {Dan Isaac Slobin and Karl Zimmer},
  pages     = {165-194},
  url       = {https://www.jbe-platform.com/content/books/9789027279163-09ded},
}

@Comment{jabref-meta: databaseType:bibtex;}
